% Encoding: UTF-8

@Article{SSD,
  author        = {Wei Liu and Dragomir Anguelov and Dumitru Erhan and Christian Szegedy and Scott E. Reed and Cheng{-}Yang Fu and Alexander C. Berg},
  title         = {{SSD:} Single Shot MultiBox Detector},
  journal       = {CoRR},
  year          = {2015},
  archiveprefix = {arXiv},
  bibsource     = {dblp computer science bibliography, http://dblp.org},
  biburl        = {http://dblp.org/rec/bib/journals/corr/LiuAESR15},
  eprint        = {1512.02325},
  timestamp     = {Wed, 07 Jun 2017 14:42:54 +0200},
  url           = {http://arxiv.org/abs/1512.02325},
}

@Article{YOLO,
  author        = {Joseph Redmon and Santosh Kumar Divvala and Ross B. Girshick and Ali Farhadi},
  title         = {You Only Look Once: Unified, Real-Time Object Detection},
  journal       = {CoRR},
  year          = {2015},
  archiveprefix = {arXiv},
  bibsource     = {dblp computer science bibliography, http://dblp.org},
  biburl        = {http://dblp.org/rec/bib/journals/corr/RedmonDGF15},
  eprint        = {1506.02640},
  timestamp     = {Wed, 07 Jun 2017 14:40:10 +0200},
  url           = {http://arxiv.org/abs/1506.02640},
}

@Comment{jabref-meta: databaseType:bibtex;}
